@inproceedings{Agrawal:2010,
    author = {Agrawal, Divyakant and El Abbadi, Amr and Antony, Shyam and Das, Sudipto},
    affiliation = {University of California, Santa Barbara},
    title = {Data Management Challenges in Cloud Computing Infrastructures},
    booktitle = {Databases in Networked Information Systems},
    year = {2010}
}

@inproceedings{Baker:2011:8530095,
    author = {Baker, Jason and Bond, Chris and Corbett, James C. and Furman, J. J. and Khorlin, Andrey and Larson, James and LÂ´eon, Jean-Michel and Li, Yawei and Lloyd, Alexander and Yushprakh, Vadim},
    title = {Megastore: Providing Scalable, Highly Available Storage for Interactive Services},
    booktitle = {Proc. CIDR},
    month = {Jan},
    pages = {223--234},
    year = {2011}
}

@article{Berenson:1995:CAS:568271.223785,
 author = {Berenson, Hal and Bernstein, Phil and Gray, Jim and Melton, Jim and O'Neil, Elizabeth and O'Neil, Patrick},
 title = {A critique of ANSI SQL isolation levels},
 journal = {SIGMOD},
 volume = {24},
 number = {2},
 month = may,
 year = {1995},
 pages = {1--10}
}

@inproceedings{Bernstein:2011:AMS:2004686.2005651,
 author = {Bernstein, Philip A. and Cseri, Istvan and Dani, Nishant and Ellis, Nigel and Kalhan, Ajay and Kakivaya, Gopal and Lomet, David B. and Manne, Ramesh and Novik, Lev and Talius, Tomas},
 title = {Adapting microsoft SQL server for cloud computing},
 booktitle = {Proc. ICDE},
 year = {2011},
 pages = {1255--1263}
} 

@article{Bernstein:1983:MCC:319996.319998,
 author = {Bernstein, Philip A. and Goodman, Nathan},
 title = {Multiversion concurrency control \- theory and algorithms},
 journal = {ACM Trans. Database Syst.},
 volume = {8},
 number = {4},
 month = dec,
 year = {1983},
 pages = {465--483}
} 


@book{Bose02,
  author = {Bose, S. K.},
  title = {An Introduction to Queueing Systems},
  publisher = {Kluwer},
  year = {2002},
  address = {New York, NY, USA},
  chapter = {1}
}

@inproceedings{Burrows:2006,
  author = {Burrows, M.},
  title = {The Chubby lock service for loosely-coupled distributed systems},
  booktitle = {Proc. OSDI},
  month = {Nov},
  year = {2006}
}

@inproceedings{Campbell:2010:ESF:1807167.1807280,
 author = {Campbell, David G. and Kakivaya, Gopal and Ellis, Nigel},
 title = {Extreme scale with full SQL language support in microsoft SQL Azure},
 booktitle = {Proc. SIGMOD},
 year = {2010},
 pages = {1021--1024}
}

@inproceedings{Chang:2006:BDS:1267308.1267323,
 author = {Chang, Fay and Dean, Jeffrey and Ghemawat, Sanjay and Hsieh, Wilson C. and Wallach, Deborah A. and Burrows, Mike and Chandra, Tushar and Fikes, Andrew and Gruber, Robert E.},
 title = {Bigtable: a distributed storage system for structured data},
 booktitle = {Proc. OSDI},
 year = {2006},
 pages = {15--15},
 numpages = {1}
}

@article{Cooper:2008:PYH:1454159.1454167,
 author = {Cooper, Brian F. and Ramakrishnan, Raghu and Srivastava, Utkarsh and Silberstein, Adam and Bohannon, Philip and Jacobsen, Hans-Arno and Puz, Nick and Weaver, Daniel and Yerneni, Ramana},
 title = {PNUTS: Yahoo!'s hosted data serving platform},
 journal = {Proc. VLDB Endow.},
 issue_date = {August 2008},
 volume = {1},
 issue = {2},
 month = {August},
 year = {2008},
 pages = {1277--1288}
} 

@inproceedings{Curino:2011:JPMWMBZ11,
  author    = {Carlo Curino and
               Evan P. C. Jones and
               Raluca A. Popa and
               Nirmesh Malviya and
               Eugene Wu and
               Samuel Madden and
               Hari Balakrishnan and
               Nickolai Zeldovich},
  title     = {Relational Cloud: a Database Service for the cloud},
  booktitle = {Proc. CIDR},
  year      = {2011},
  pages     = {235-240}
}

@article{Curino:2010:SWA:1920841.1920853,
 author = {Curino, Carlo and Jones, Evan and Zhang, Yang and Madden, Sam},
 title = {Schism: a workload-driven approach to database replication and partitioning},
 journal = {Proc. VLDB Endow.},
 issue_date = {September 2010},
 volume = {3},
 issue = {1-2},
 month = {September},
 year = {2010},
 issn = {2150-8097},
 pages = {48--57},
 numpages = {10},
 publisher = {VLDB Endowment},
}

@article{Das:2011:ALE:2002974.2002977,
 author = {Das, Sudipto and Nishimura, Shoji and Agrawal, Divyakant and El Abbadi, Amr},
 title = {Albatross: lightweight elasticity in shared storage databases for the cloud using live data migration},
 journal = {Proc. VLDB Endow.},
 issue_date = {May 2011},
 volume = {4},
 issue = {8},
 month = may,
 year = {2011},
 pages = {494--505},
 acmid = {2002977},
 publisher = {VLDB Endowment},
}

@phdthesis{Das:2011,
    author  = "Sudipto Das",
    title   = "Scalable and Elastic Transactional Data Stores for Cloud Computing Platforms",
    school  = "University of California, Santa Barbara",
    year    = "2011",
    month   = "December"
}


@inproceedings{Das:2010:GSD:1807128.1807157,
 author = {Das, Sudipto and Agrawal, Divyakant and El Abbadi, Amr},
 title = {G-Store: a scalable data store for transactional multi key access in the cloud},
 booktitle = {Proc. ACM SoCC},
 year = {2010},
 pages = {163--174}
}

@article{Das:2010:EAE,
  author = {Das, Sudipto and Agrawal, Shashank and Agrawal, Divyakant and El Abbadi, Amr},
  title={ElasTraS : An Elastic , Scalable , and Self Managing Transactional Database for the Cloud},
  journal = {Technical Report, CS UCSB},
  month = {April},
  year = {2010}
}

@inproceedings{Das:2009:EET:1855533.1855540,
 author = {Das, Sudipto and Agrawal, Divyakant and El Abbadi, Amr},
 title = {ElasTraS: an elastic transactional data store in the cloud},
 booktitle = {Proc. USENIX HotCloud},
 year = {2009}
}

@inproceedings{Dean:2009,
    author = {Dean, Jeff},
    booktitle = {Keynote from LADIS 2009},
    title = {{Designs, lessons and advice from building large distributed systems}},
    url = {http://www.cs.cornell.edu/projects/ladis2009/talks/dean-keynote-ladis2009.pdf},
    year = {2009}
}

@article{DeCandia:2007:DAH:1323293.1294281,
 author = {DeCandia, Giuseppe and Hastorun, Deniz and Jampani, Madan and Kakulapati, Gunavardhan and Lakshman, Avinash and Pilchin, Alex and Sivasubramanian, Swaminathan and Vosshall, Peter and Vogels, Werner},
 title = {Dynamo: amazon's highly available key-value store},
 journal = {SIGOPS Oper. Syst. Rev.},
 issue_date = {December 2007},
 volume = {41},
 issue = {6},
 month = oct,
 year = {2007},
 pages = {205--220}
} 


@inproceedings{Elmore:2011:ZLM:1989323.1989356,
 author = {Elmore, Aaron J. and Das, Sudipto and Agrawal, Divyakant and El Abbadi, Amr},
 title = {Zephyr: live migration in shared nothing databases for elastic cloud platforms},
 booktitle = {Proc. SIGMOD},
 year = {2011},
 pages = {301--312}
}

@inproceedings{Furman:2008:8530095,
  author = {Furman, JJ and Karlsson, J. S. and Leon, J. M. and Newman, S. and Lloyd, A. and
Zeyliger, P.},
  title = {Megastore: A scalable data system for user facing applications},
  booktitle = {Proc. SIGMOD},
  month = {Jun},
  year = {2008}
}

@book{George:2011,
  title={HBase: The Definitive Guide},
  author={George, L.},
  year={2011},
  publisher={O'Reilly Media}
}

@article{Ghemawat:2003:GFS:1165389.945450,
 author = {Ghemawat, Sanjay and Gobioff, Howard and Leung, Shun-Tak},
 title = {The Google file system},
 journal = {SIGOPS Oper. Syst. Rev.},
 issue_date = {December 2003},
 volume = {37},
 issue = {5},
 month = {Oct},
 year = {2003},
 pages = {29--43},
 publisher = {ACM},
 address = {New York, NY, USA},
}

@book{Gilks:1996,
  author={Gilks, W. and Richardson, S. and Spiegelhalter, D.},
  year={1996},
  title={Markov Chain Monte Carlo Methods in Practice},
  booktitle={CRC Press},
  publisher = {Chapman and Hall},
  address = {London}
}

@inproceedings{Hunt:2010:ZWC:1855840.1855851,
 author = {Hunt, Patrick and Konar, Mahadev and Junqueira, Flavio P. and Reed, Benjamin},
 title = {ZooKeeper: wait-free coordination for internet-scale systems},
 booktitle = {Proc. USENIX Annual Technical Conference},
 year = {2010},
 pages = {11--11},
 numpages = {1},
}

@inproceedings{Junqueira:2011:LTS:2056318.2057148,
 author = {Junqueira, Flavio and Reed, Benjamin and Yabandeh, Maysam},
 title = {Lock-free transactional support for large-scale storage systems},
 booktitle = {Proc. DSN},
 year = {2011},
 pages = {176--181},
 numpages = {6}
}

@article{Lamport:1978:TCO:359545.359563,
 author = {Lamport, Leslie},
 title = {Time, clocks, and the ordering of events in a distributed system},
 journal = {Commun. ACM},
 volume = {21},
 number = {7},
 month = {Jul},
 year = {1978},
 pages = {558--565},
 publisher = {ACM},
 address = {New York, NY, USA},
} 

@article{Lamport:1998:PP:279227.279229,
 author = {Lamport, Leslie},
 title = {The part-time parliament},
 journal = {ACM Trans. Comput. Syst.},
 volume = {16},
 issue = {2},
 month = {May},
 year = {1998},
 pages = {133--169},
 publisher = {ACM},
 address = {New York, NY, USA}
}

@article{Lamport:2001:PMS,
  author = {Lamport, Leslie},
  title = {Paxos Made Simple},
  journal = {ACM SIGACT News},
  month = {Dec},
  number = {4},
  pages = {18--25},
  volume = {32},
  year = {2001}
}

@inproceedings{Levandoski:2011:8530161,
    author = {Levandoski, Justin J. and Lome, David and Mokbel, Mohamed F. and Zhao, Kevin K.},
    title = {Deuteronomy: Transaction Support for Cloud Data},
    booktitle = {Proc. CIDR},
    month = {Jan},
    pages = {123--133},
    year = {2011}
}

@inproceedings{Malkowski:2010:EAD:1774088.1774449,
 author = {Malkowski, Simon and Jayasinghe, Deepal and Hedwig, Markus and Park, Junhee and Kanemasa, Yasuhiko and Pu, Calton},
 title = {Empirical analysis of database server scalability using an N-tier benchmark with read-intensive workload},
 booktitle = {Proc. SAC},
 year = {2010},
 pages = {1680--1687},
 numpages = {8}
} 

@inproceedings{Peng:2010:LIP:1924943.1924961,
 author = {Peng, Daniel and Dabek, Frank},
 title = {Large-scale incremental processing using distributed transactions and notifications},
 booktitle = {Proc. OSDI},
 year = {2010},
 pages = {1--15},
 numpages = {15},
 publisher = {USENIX Association}
}

@article{Pike:2005,
 author = {Pike, R. and Dorward, S. and Griesemer, R. and Quinlan, S.},
 title = {Interpreting the data: Parallel analysis with Sawzall},
 journal = {Scientific Programming Journal},
 volume = {13},
 number = {4},
 year = {2005},
 pages = {227â298}
}

@article{Ramsay:1998,
  author    = {Judith Ramsay and
               Alessandro Barabesi and
               Jennifer Preece},
  title     = {A psychological investigation of long retrieval times on
               the World Wide Web},
  journal   = {Interacting with Computers},
  volume    = {10},
  number    = {1},
  year      = {1998},
  pages     = {77-86}
}

@article{Wei:2011:5740834,
  author={Wei, Z. and Pierre, G. and Chi, C.},
  journal={Services Computing, IEEE Transactions on},
  title={CloudTPS: Scalable Transactions for Web Applications in the Cloud},
  year={2011},
  month={ },
  volume={PP},
  number={99},
  pages={1}, 
  keywords={},
  doi={10.1109/TSC.2011.18},
  ISSN={1939-1374}
}

@article{Wei:2011:CJQ,
  author = {Zhou Wei and Guillaume Pierre and Chi-Hung Chi},
  title = {Consistent Join Queries in Cloud Data Stores},
  institution = {Vrije Universiteit},
  year = {2011},
  number = {IR-CS-068},
  address = {Amsterdam, The Netherlands},
  month = {Jan},
}

TODO: figure out how to add in the URL:
url={http://www.google.com/patents?hl=en\&lr=\&vid=USPAT7058628\&id=iEB4AAAAEBAJ\&oi=fnd\&dq=Method+for+Node+ranking+in+a+linked+database\&printsec=abstract},
@misc{Page_1998,
  title={Method for node ranking in a linked database},
  journal={US Patent 7058628},
  publisher={US Patent Office},
  author={Page, Lawrence},
  year={1998}
}

@proceedings{DBLP:conf/cidr/2011,
  title     = {CIDR 2011, Fifth Biennial Conference on Innovative Data
               Systems Research, Asilomar, CA, USA, January 9-12, 2011,
               Online Proceedings},
  booktitle = {CIDR},
  publisher = {www.crdrdb.org},
  year      = {2011},
  bibsource = {DBLP, http://dblp.uni-trier.de}
}

@article{Cheng:2002,
    author={Chun-Hung Cheng and Wing-Kin Lee and Kam-Fai Wong},
    title={A genetic algorithm-based clustering approach for database partitioning},
    journal={IEEE Transactions on Systems Man and Cybernetics Part C-Applications and Reviews},
    year={2002},
    month={aug},
    volume={32},
    number={3},
    pages={215 - 230},
}

@inproceedings{Nehme:2011:APD:1989323.1989444,
    author = {Nehme, Rimma and Bruno, Nicolas},
    title = {Automated partitioning design in parallel database systems},
    booktitle = {Proc. SIGMOD},
    year = {2011},
    pages = {1137--1148}
} 

@book{Weikum:2001:TIS,
 author = {Weikum, Gerhard and Vossen, Gottfried},
 title = {Transactional information systems: theory, algorithms, and the practice of concurrency control and recovery},
 year = {2001},
 publisher = {Morgan Kaufmann Publishers Inc.},
 address = {San Francisco, CA, USA},
} 

@inproceedings{Zhang:2010:5697970,
  author = {Zhang, Chen and De Sterck, H.},
  title = {Supporting multi-row distributed transactions with global snapshot isolation using bare-bones HBase},  
  booktitle = {Proc. GRID},
  year = {2010},
  month = {Oct},
  pages = {177--184}
}

@article{gilbert2002brewer,
  title={Brewer's conjecture and the feasibility of consistent, available, partition-tolerant web services},
  author={Gilbert, S. and Lynch, N.},
  journal={ACM SIGACT News},
  volume={33},
  number={2},
  pages={51--59},
  year={2002},
  publisher={ACM}
}

