@phdthesis{DAS11,
    author  = "Sudipto Das",
    title   = "Scalable and Elastic Transactional Data Stores for Cloud Computing Platforms",
    school  = "University of California, Santa Barbara",
    year    = "2011",
    month   = "December"
}

@inproceedings{AEA10,
    author = {Agrawal, Divyakant and El Abbadi, Amr and Antony, Shyam and Das, Sudipto},
    affiliation = {University of California, Santa Barbara},
    title = {Data Management Challenges in Cloud Computing Infrastructures},
    booktitle = {Databases in Networked Information Systems},
    year = {2010}
}

@inproceedings{proctempl,
    author  = "",
    title   = "",
    booktitle = "",
    year = ""
}

@article{articletempl,
    author  = "a",
    title   = "t",
    journal = "j",
    year    = "y"
}
